
@Article{grasse59ants,
  author = 	 {P.P. Grassé},
  title = 	 {La reconstruction du nid et les coordina-
     tions interindividuelles chez bellicositermes natalensis
     et cubitermes sp. La théorie de la stigmergie},
  journal = 	 {Insectes Sociaux},
  year = 	 {1959},
  pages = 	 {41--81}
}

@InProceedings{marchant08calib,
  author = 	 {Jonathan Marchant and Robert J. Smith and Iain A. Steele},
  title = 	 {Calibration of the Boltwood Cloud Sensor},
  booktitle = {Proceedings of the Society of Photooptical Instrumentation Engineers},
  pages = 	 {70123U},
  year = 	 {2008},
  month = 	 {June},
  volume = 	 {7012},
  number = 	 {1},
  publisher = {SPIE}
}

@ARTICLE{fried65statistics,
   author = {{Fried}, D.~L.},
    title = "{Statistics of a Geometric Representation of Wavefront Distortion}",
  journal = {Journal of the Optical Society of America},
     year = 1965,
    month = nov,
   volume = 55,
    pages = {1427-+}
}
@article{fried66optical, 
author = {Fried, D.~L}, 
journal = {Journal of the Optical Society of America}, 
number = {10}, 
pages = {1372--1379}, 
title = {Optical Resolution Through a Randomly Inhomogeneous Medium for Very Long and Very Short Exposures}, 
volume = {56}, 
month = {Oct},
year = {1966}
}

@INPROCEEDINGS{allan04estar,
   author = {{Allan}, A. and {Naylor}, T. and {Steele}, I.~A. and {Jenness}, T. and 
	{Cavanagh}, B. and {Economou}, F. and {Saunders}, E. and {Adamson}, A. and 
	{Etherton}, J. and {Mottram}, C.},
    title = "{eSTAR: intelligent observing and rapid responses}",
booktitle = {Society of Photo-Optical Instrumentation Engineers (SPIE) Conference Series},
     year = 2004,
   volume = 5496,
   editor = "{H.~Lewis \& G.~Raffi}",
    month = sep,
    pages = {313-322},
}

@ARTICLE{allan06estar,
   author = {{Allan}, A. and {Naylor}, T. and {Saunders}, E.~S.},
    title = "{The eSTAR network - agent architectures for astronomy}",
  journal = {Astronomische Nachrichten},
     year = 2006,
    month = sep,
   volume = 327,
    pages = {767-+}
}


@article{apolloni89quantum,
  author =	 "B. Apolloni and C. Carvalho and D. de Falco",
  title =	 "Quantum stochastic optimization",
  journal =	 "Stochastic Processes and their Applications",
  volume =	 "33",
  number =	 "2",
  pages =	 "233 - 244",
  year =	 "1989"
}

@inproceedings{aussem02online,
  author =	 {A. Aussem and G. Tran},
  title =	 {On-line prediction of astronomical seeing
                  fluctuations with neural networks},
  booktitle =	 {ASP Conference Series},
  year =	 2002
}

@misc{aussem94dynamical,
  author =	 "A. Aussem and F. Murtagh and M. Sarazin",
  title =	 "Dynamical recurrent neural networks and pattern
                  recognition methods for time series prediction:
                  application to seeing and temperature forecasting in
                  the context of ESO's VLT astronomical weather
                  station",
  year =	 1994
}

@misc{aussem94fuzzy,
  author =	 "A. Aussem and F. Murtagh and M. Sarazin",
  title =	 "Fuzzy astronomical seeing nowcasts with a dynamical
                  and recurrent connectionist network",
  text =	 "Aussem, A., Murtagh, F. and Sarazin, M. (1994) Fuzzy
                  astronomical seeing nowcasts with a dynamical and
                  recurrent connectionist network, Neurocomputing,
                  submitted.",
  year =	 "1994"
}
@article{bagheri10artificial,
  title =	 "An artificial immune algorithm for the flexible
                  job-shop scheduling problem",
  journal =	 "Future Generation Computer Systems",
  volume =	 "26",
  number =	 "4",
  pages =	 "533--541",
  year =	 "2010",
  note =	 "",
  author =	 "A. Bagheri and M. Zandieh and Iraj Mahdavi and
                  M. Yazdani"
}

@inproceedings{beck97texturebased,
  author =	 "J. Christopher Beck and Andrew J. Davenport and
                  Edward M. Sitarski and Mark S. Fox",
  title =	 "Texture-Based Heuristics for Scheduling Revisited",
  booktitle =	 "Proceedings of the 14th National Conference on
                  Artificial Intelligence ({AAAI}-97)",
  publisher =	 "AAAI Press / MIT Press",
  address =	 "Providence, Rhode Island, USA",
  isbn =	 "0-262-51095-2",
  pages =	 "241--248",
  year =	 "1997"
}


@article{bell04ant,
  author =	 {John E. Bell and Patrick R. McMullen},
  title =	 {Ant colony optimization techniques for the vehicle
                  routing problem},
  journal =	 {Advanced Engineering Informatics},
  volume =	 {18},
  number =	 {1},
  year =	 {2004},
  pages =	 {41-48}
}

@article{bitner75backtrack,
  author =	 {James R. Bitner and Edward M. Reingold},
  title =	 {Backtrack Programming Techniques},
  journal =	 {Commun. ACM},
  volume =	 {18},
  number =	 {11},
  year =	 {1975},
  pages =	 {651-656}
}

@inproceedings{ bonabeau97adaptive,
  author =	 "Eric Bonabeau and Andrej Sobkowski and Guy Theraulaz
                  and Jean-Luis Deneubourg",
  title =	 "Adaptive Task Allocation Inspired by a Model of
                  Division of Labor in Social Insects",
  booktitle =	 "Biocomputing and Emergent Computation",
  publisher =	 "World Scientific",
  editor =	 "Dan Lundh and Bjorn Olsson and Ajit Narayanan",
  pages =	 "36--45",
  year =	 "1997"
}


@InProceedings{bresina00:expected,
  author =	 {J. L. Bresina and R. Washington},
  title =	 {Expected Utility Distributions for Flexible,
                  Contingent Execution},
  booktitle =	 {Proceedings of the AAAI-2000 Workshop:
                  Representation Issues for Real-World Planning
                  Systems},
  year =	 2000,
  address =	 {Austin, Texas}
}

@Misc{bresina01robustness,
  author =	 "J. Bresina and R. Washington",
  title =	 "Robustness via run-time adaptation of contingent
                  plans",
  text =	 "J.L. Bresina and R. Washington. Robustness via
                  run-time adaptation of contingent plans. AAAI Spring
                  Symposium on Robust Autonomy, 2001.",
  year =	 "2001"
}

@misc{bresina94jic,
  author =	 "J. Bresina and M. Drummond and K. Swanson",
  year =	 "1994",
  title =	 "Managing Action Duration Uncertainty with
                  Just-In-Case Scheduling",
  text =	 "Bresina, J, Drummond, M., and Swanson, K., Managing
                  Action Duration Uncertainty with Just-In-Case
                  Scheduling, Working notes of the AAAI Spring Spring
                  Symposium on Decision-Theoretic Planning",
  location =	 "Stanford, CA, United States",
  publisher =	 "AAAI Press",
  address =	 "Menlo Park, CA, USA"
}

@InProceedings{bresina95expected,
  author =	 {John Bresina and Mark Drummond and Keith Swanson},
  title =	 {Expected Solution Quality},
  booktitle =	 {Proceedings of the 14th International Joint
                  Conference on Artificial Intelligence (IJCAI'95)},
  pages =	 {1583--1591},
  year =	 {1995},
  editor =	 {Chris Mellish},
  address =	 {Palais de Congres, Montreal, Quebec, Canada},
  month =	 {aug},
  organization = {AAAI},
  publisher =	 {AAAI Press}
}



@inproceedings{bresina96hbss,
  author =	 "J.L. Bresina",
  title =	 "Heuristic-biased stochastic sampling",
  booktitle =	 "Proceedings of the AAAI-96",
  year =	 "1996",
  pages =	 "271--278"
}

@InProceedings{bresina99increased,
  author =	 {J. Bresina and K. Golden and D. Smith and
                  R. Washington},
  title =	 {Increased flexibility and robustness of Mars rovers},
  booktitle =	 {Proceedings of the Fifth International. Symposium on
                  Artificial Intelligence, Robotics and Automation in
                  Space},
  year =	 {1999},
  address =	 {Noordwijk, Netherlands},
}

@misc{chien00aspen,
  author =	 "S. Chien and G. Rabideau and R. Knight and
                  R. Sherwood and B. Engelhardt and D. Mutz, T. Estlin
                  and B. Smith and F. Fisher and T. Barrett and
                  G. Stebbins and D. Tran",
  title =	 "{ASPEN} Automating Space Mission Operations using
                  Automated Planning and Scheduling",
  text =	 "S. Chien, G. Rabideau, R. Knight, R. Sherwood,
                  B. Engelhardt, D. Mutz, T. Estlin, B. Smith,
                  F. Fisher, T. Barrett, G. Stebbins, D. Tran, ASPEN -
                  Automating Space Mission Operations using Automated
                  Planning and Scheduling, SpaceOps 2000, Toulouse,
                  France, June 2000.",
  year =	 "2000"
}

@INPROCEEDINGS{chien98integrated,
author={Chien, S. and Knight, R. and Stechert, A. and Sherwood, R. and Rabideau, G.},
booktitle={Aerospace Conference, 1999. Proceedings. 1999 IEEE},
title={Integrated planning and execution for autonomous spacecraft},
year={1999},
month={},
volume={1},
number={},
pages={263--271},
}

@InProceedings{chien99iterative,
  author =	 {Steve Chien and Russell Knight and Andre Stechert
                  and Rob Sherwood and Gregg Rabideau},
  title =	 {Using Iterative Repair to Increase the
                  Responsiveness of Planning and Scheduling for
                  Autonomous Spacecraft},
  booktitle =	 {{IJCAI99} Workshop on Scheduling and Planning to
                  meet Real-time Monitoring in a Dynamic and Uncertain
                  World},
  year =	 1999,
  address =	 {Stockholm, Sweden},
  month =	 {August}
}

@article{chun03nstar,
title = "N*--an agent-based negotiation algorithm for dynamic scheduling and rescheduling",
journal = "Advanced Engineering Informatics",
volume = "17",
number = "1",
pages = "1 -- 22",
year = "2003",
author = "Hon Wai Chun and Rebecca Y. M. Wong"
}

@inproceedings{cicirello01random,
  author =	 "Vincent Cicirello and Stephen Smith",
  title =	 "Randomizing Dispatch Scheduling Policies",
  booktitle =	 "The 2001 AAAI Fall Symposium: Using Uncertainty
                  Within Computation",
  month =	 "November",
  year =	 "2001"
}

@inproceedings{cicirello02amplification,
  author =	 "Vincent Cicirello and Stephen Smith",
  title =	 "Amplification of Search Performance through
                  Randomization of Heuristics",
  booktitle =	 "Principles and Practice of Constraint Programming:
                  8th International Conference, Proceedings",
  month =	 "September",
  year =	 "2002",
  volume =	 "LNCS 2470 of Lecture Notes in Computer Science",
  pages =	 "124-138",
  publisher =	 "Springer-Verlag"
}

@Manual{clayandfraser06tbd,
  title =	 {Phase2 Web interface},
  author =	 {N.R. Clay and S.N. Fraser},
  organization = {Astrophysics Research Institute},
  address =	 {Liverpool JMU},
  year =	 2006
}

@misc{clements97heuristic,
  author =	 "David P. Clements and James M. Crawford and David
                  E. Joslin and George L. Nemhauser and Markus
                  E. Puttlitz and Martin W. P. Savelsbergh",
  title =	 "Heuristic Optimization: A hybrid AI/OR approach",
  text =	 "D. Clements, J. Crawford, D. Joslin, G. Nemhauser,
                  M. Puttlitz, and M. Savelsbergh. Heuristic
                  optimization: A hybrid AI/OR approach. In Workshop
                  on Industrial Constraint-Directed Scheduling, 1997.",
  year =	 "1997"
}

@INPROCEEDINGS{darmoul06scheduling,
author={Darmoul, S. and Pierreval, H. and Gabouj, S.H.},
booktitle={Service Systems and Service Management, 2006 International Conference on}, title={Scheduling Using Artificial Immune System Metaphors: A Review},
year={2006},
month=oct.,
volume={2},
number={},
pages={1150 -1155}
}

@inproceedings{davenport01slack,
  author =	 "A.J. Davenport and C. Gefflot and J.C. Beck",
  title =	 "Slack-based Techniques for Robust Schedules",
  booktitle =	 "Proceedings of the Sixth European Conference on
                  Planning (ECP-2001)",
  year =	 "2001"
}

@Book{dorigo04ant,
  ALTauthor = 	 {M. Dorigo and T. Stutzle},
  ALTeditor = 	 {},
  title = 	 {Ant Colony Optimization},
  publisher = 	 {MIT Press},
  year = 	 {2004}
}

@PhdThesis{dorigo92optimization,
  author = 	 {M. Dorigo},
  title = 	 {Optimization, Learning and Natural Algorithms},
  school = 	 {Politecnico di Milano},
  year = 	 {1992}
}

@TechReport{dorigo95ant,
  author = 	 {M. Dorigo and L.M. Gambardella},
  title = 	 {Ant Colony System: A Cooperative Learning Approach to the Travelling Salesman Problem},
  institution =  {IRIDIA, Universite Libre de Bruxelles},
  year = 	 {1995}
}

@article{dorn95reactive,
title = "Reactive scheduling: improving the robustness of schedules and restricting the effects of shop floor disturbances by fuzzy reasoning",
journal = "International Journal of Human-Computer Studies",
volume = "42",
number = "6",
pages = "687 -- 704",
year = "1995",
author = "Jürgen Dorn and Roger Kerr and Gabi Thalhammer"
}

@inproceedings{draper99cyclic,
  author =	 {Denise Draper and Ari K. Johnsson and David
                  P. Clements and David Joslin},
  title =	 {Cyclic Scheduling},
  booktitle =	 {IJCAI '99: Proceedings of the Sixteenth
                  International Joint Conference on Artificial
                  Intelligence},
  year =	 {1999},
  isbn =	 {1-55860-613-0},
  pages =	 {1016--1021},
  publisher =	 {Morgan Kaufmann Publishers Inc.},
  address =	 {San Francisco, CA, USA},
}

@InProceedings{jonsson05scapes,
  author = 	 {R.D. Jonsson, and A. Karlstrom,
  title = 	 {SCAPES - A Dynamic Microeconomics Model of Activity Scheduling},
    booktitle = {Proceedings of the European Transport Conference ({ETC} 2005)},
    year = 	 {2005},
    month = 	 {October},
  organization = {Association for European Transport}
}
@inproceedings{drummond94jic,
  author =	 {Mark Drummond and John Bresina and Keith Swanson},
  title =	 {Just-in-case scheduling},
  booktitle =	 {AAAI'94: Proceedings of the twelfth national
                  conference on Artificial intelligence (vol. 2)},
  year =	 {1994},
  isbn =	 {0-262-61102-3},
  pages =	 {1098--1104},
  location =	 {Seattle, Washington, United States},
  publisher =	 {American Association for Artificial Intelligence},
  address =	 {Menlo Park, CA, USA},
}
@misc{fipa29contract,
  author =	 "FIPA",
  title =	 {FIPA Contract Net Interaction Protocol
                  Specification},
  year =	 "2002",
  publisher =	 "Foundation for Intelligent Physical Agents",
  url =		 "http://www.fipa.org/specs/fipa00029/"
}
@misc{fipa37acl,
  author =	 "FIPA",
  title =	 {FIPA Communicative Act Library Specification},
  year =	 "2000",
  publisher =	 "Foundation for Intelligent Physical Agents",
}

@phdthesis{fox83thesis,
  author =	 "Mark S Fox",
  title =	 "Constraint-Directed Search: A Case Study of Job-Shop
                  Scheduling",
  school =	 "Robotics Institute, Carnegie Mellon University",
  month =	 "December",
  year =	 "1983",
  address =	 "Pittsburgh, PA"
}
@InProceedings{fox89constrained,
  author = 	 {M.S. Fox and N. Sadeh and C. Baykan},
  title = 	 {Constrained heuristic search},
  booktitle = {Proc.IJCAI},
  pages = 	 {309--316},
  year = 	 {1989},
  month = 	 {August},
  organization = {International Joint Conference on Artificial Intelligence}
}
@InProceedings{fraser02robotic,
  author =	 {Stephen N. Fraser and Iain A. Steele},
  title =	 {Object oriented design of the {L}iverpool
                  {T}elescope {R}obotic {C}ontrol {S}ystem},
  booktitle =	 {Advanced {T}elescope and {I}nstrumentation Control
                  Software II, Proceedings of SPIE},
  pages =	 {443--454},
  year =	 {2002},
  editor =	 {Hilton Lewis},
  volume =	 {4848},
  month =	 {dec},
  publisher =	 {SPIE}
}
@InProceedings{fraser04scheduling,
  author =	 {Stephen N. Fraser},
  title =	 {Robotic telescope scheduling: {T}he {L}iverpool
                  {T}elescope experience},
  booktitle =	 {Optimizing Scientific Return for Astronomy through
                  Information Technologies, Proceedings of SPIE},
  pages =	 {331--340},
  year =	 2004,
  editor =	 {Peter J. Quinn and Alan Bridger},
  volume =	 5493,
  month =	 {sep},
  publisher =	 {SPIE}
}
@Article{fraser06scheduling,
  author =	 {Stephen N. Fraser},
  title =	 {Scheduling blah, blah},
  journal =	 {Astrnomische Nachrichtem},
  year =	 {2006}
}
@INPROCEEDINGS{fraser08observation,
   author = {{Fraser}, S.~N. and {Steele}, I.~A.},
    title = "{Observation scheduling simulation framework: design and first results}",
booktitle = {Society of Photo-Optical Instrumentation Engineers (SPIE) Conference Series},
     year = 2008,
   series = {Society of Photo-Optical Instrumentation Engineers (SPIE) Conference Series},
   volume = 7019,
    month = aug
}
@Article{fraser57simulation,
  author = 	 {A. S. Fraser},
  title = 	 {Simulation of genetic systems by automatic digital computers. I. Introduction},
  journal = 	 {Aust. J. Biol. Sci},
  year = 	 {1957},
  volume = 	 {10},
  number = 	 {},
  pages = 	 {484--491}
}
@inproceedings{fukunaga04robust,
  author =	 "Alex F. Fukunaga and Gregg Rabideau and Steve Chien",
  title =	 "Robust Local Search for Spacecraft Operations Using
                  Adaptive Noise",
  booktitle =	 {IWPSS 4th International Workshop on Planning and
                  Scheduling for Space},
  year =	 {2004},
  month =	 {June},
  location =	 "Darmstadt, Germany"
}
@INPROCEEDINGS{gambardella99multiple,
  author =	 {Luca Maria Gambardella and Éric Taillard and
                  Giovanni Agazzi},
  title =	 {MACS-VRPTW: A Multiple Colony System For Vehicle
                  Routing Problems With Time Windows},
  booktitle =	 {New Ideas in Optimization},
  year =	 {1999},
  pages =	 {63--76},
  publisher =	 {McGraw-Hill}
}
@TechReport{haxhierarchic73,
  author={Hax, Arnoldo C. and Meal, Harlan C.},
  title={Hierarchical integration of production planning and scheduling},
  year=1973,
  month= ,
  institution={Massachusetts Institute of Technology (MIT), Sloan School of Management},
  type={Working papers},
  number={656-73.}
}
@Misc{sorensen02cat,
  author = 	 {P. Sorensen},
  title = 	 {ING Meteorological and Seeing Archive},
  howpublished = {web},
  year = 	 {2002},
  url = 	 {http://catserver.ing.iac.es/weather/archive/index.php
}
@Article{gan05entropy,
  author =	 {H S Gan and A Wirth},
  title =	 {Comparing deterministic, robust and online
                  scheduling using entropy},
  journal =	 {International Journal of Production Research},
  year =	 {2005},
  volume =	 {43},
  number =	 {10},
  pages =	 { 2113--2134},
  month =	 {may}
}
@InBook{glover03scatter,
  author =	 {F. Glover and M. Laguna and R. Martí},
  Teditor =	 {A. Ghosh and S. Tsutsui},
  title =	 {Advances in Evolutionary Computation: Theory and
                  Applications},
  chapter =	 {Scatter Search},
  publisher =	 {Springer-Verlag},
  year =	 {2003},
  pages =	 { 519--537}
}
@incollection{glover99tabu,
  author =	 "F. Glover",
  title =	 "Tabu Search and Adaptive Memory Programming -
                  Advances, Applications, and Challenges",
  booktitle =	 "Interfaces in Computer Science and Operations
                  Research",
  publisher =	 "Kluwer Academic Publishers",
  address =	 "Hingham, MA, USA",
  editor =	 "R.S. Barr, R.V. Helgason and J.L. Kenngington",
  year =	 "1996",
  pages =	 "1-75"
}
@Misc{granzer03stella,
  author =	 {Thomas Granzer},
  title =	 {Scheduling STELLA and all other robotic telescopes},
  howpublished = {Web. http://www.aip.de/stella/index.php?docs},
  month =	 {oct},
  year =	 {2003}
}
@article{gratch96adaptive,
  author =	 {J Gratch and S Chien},
  title =	 {Adaptive Problem-solving for Large-scale Scheduling
                  Problems: A Case Study},
  journal =	 {Journal Of Atrificial Intelligence Research},
  volume =	 {4},
  pages =	 {365--396},
   year =	 {1996}
}
@Article{guerrero98extinct,
  author =	 {M.A. Guerrero and R.J. Garcia-Lopez and
                  R.L.M. Corradi and A. Jimenez and J.J. Fuensalida
                  and J.M. Rodriguez-Espinosa and A. Alonso and
                  M. Centurion and F. Prada},
  title =	 {Extinction over the Canarian Observatories: the
                  limited influence of Saharan dust},
  journal =	 {New Astronomy Reviews},
  year =	 {1998},
  volume =	 {42},
  number =	 {},
  pages =	 {529-532}
}
@article{guidorzi06automatic,
  author =	 {{Guidorzi}, C. and {Monfardini}, A. and {Gomboc},
                  A. and {Mottram}, C.~J. and {Mundell}, C.~G. and
                  {Steele}, I.~A. and {Carter}, D. and {Bode},
                  M.~F. and {Smith}, R.~J. and {Fraser}, S.~N. and
                  {Burgdorf}, M.~J. and {Newsam}, A.~M.},
  title =	 {The Automatic Real-Time Gamma-Ray Burst Pipeline of
                  the 2 m Liverpool Telescope},
  journal =	 {Publications of the Astronomical Society of the
                  Pacific},
  year =	 {2006},
  month =	 {February},
  volume =	 {118},
  pages =	 {288--296},
}
@ARTICLE{hart68formal,
author={Hart, P.E. and Nilsson, N.J. and Raphael, B.},
journal={Systems Science and Cybernetics, IEEE Transactions on}, 
title={A Formal Basis for the Heuristic Determination of Minimum Cost Paths},
year={1968},
month=july ,
volume={4},
number={2},
pages={100 -107}
}
@InProceedings{hart98producing,
  author = 	 {Hart, E. and Ross, P. and Nelson, J.},
  title = 	 {Producing Robust Schedules via an Artificial Immune System},
  booktitle = {ICEC},
  pages = 	 {464-469},
  year = 	 {1998},
  publisher = {IEEE}
}
@Article{hart99chicken,
  author = 	 {E. Hart and P. Ross and J. Nelson},
  title = 	 {Scheduling Chicken Catching -- An Investigation Into The Success Of A Genetic Algorithm On A Real World Scheduling Problem},
  journal = 	 {Annals Of Operations Research},
  year = 	 {1999},
  volume = 	 {92},
  number = 	 {0},
  pages = 	 {363--380},
  month = 	 {Jan}
}
@inproceedings{hart99immune,
  author =	 {Emma Hart and Peter Ross},
  title =	 {An Immune System Approach to Scheduling in Changing
                  Environments.},
  booktitle =	 {GECCO},
  year =	 {1999},
  pages =	 {1559--1566}
}
@misc{hoos02adaptive,
  author =	 "H. Hoos",
  title =	 "An Adaptive Noise Mechanism for WalkSAT",
  text =	 "H.H. Hoos. An Adaptive Noise Mechanism for
                  WalkSAT. To appear in Proc.AAAI02, AAAI Press,
                  2002.",
  year =	 "2002"
}
@INPROCEEDINGS{ishida90distributed,
author={Ishida, Y.},
booktitle={Neural Networks, 1990., 1990 IJCNN International Joint Conference on}, title={Fully distributed diagnosis by PDP learning algorithm: towards immune network PDP model},
year={1990},
month=jun,
volume={},
number={},
pages={777 -782 vol.1}
}
@inproceedings{ishida96improving,
  author =	 "Toru Ishida and Masashi Shimbo",
  title =	 "Improving the Learning Efficiencies of Realtime
                  Search",
  booktitle =	 "{AAAI}/{IAAI}, Vol. 1",
  volume =	 "1",
  pages =	 "305--310",
  year =	 "1996"
}
@Article{jerne74towards,
  author = 	 {Jerne, N.K.},
  title = 	 {Towards a Network Theory of the Immune System},
  journal = 	 {Annales d'immunologie},
  year = 	 {1974},
  volume = 	 {125c},
  number = 	 {},
  pages = 	 {373-389},
  month = 	 {Jan}
}
@article {jerne84generative,
   author = {Jerne, Niels K.},
   affiliation = {Basel Institute for Immunology Grenzacherstrasse 487 CH-4005 Basel Switzerland},
   title = {The generative grammar of the immune system},
   journal = {Bioscience Reports},
   publisher = {Springer Netherlands},
   pages = {439-451},
   volume = {5},
   issue = {6},
   year = {1985}
}
@Article{jimenz98diurnal,
  author =	 {A. Jimenez and H. Gonzalez Jorge and
                  M.C. Rabello-Soares},
  title =	 {Diurnal atmospheric extinction over Teide
                  Observatory (Tenerife, Canary Islands)},
  journal =	 {Astronomy and Astrophysics Supplement Series},
  year =	 {1998},
  volume =	 {129},
  pages =	 {413-423},
  month =	 {apr}
}
@article{jingpeng05driver,
  author =	 {Jingpeng Li},
  title =	 {A Self-Adjusting Algorithm for Driver Scheduling},
  journal =	 {Journal of Heuristics},
  volume =	 {11},
  number =	 {4},
  year =	 {2005},
  pages =	 {351--367},
  publisher =	 {Kluwer Academic Publishers},
  address =	 {Hingham, MA, USA},
}
@incollection{johnston94spike,
  author =	 {Mark D Johnston and Glen E Miller},
  title =	 {SPIKE: Intelligent Scheduling of Hubble Space
                  Telescope Observations},
  pages =	 {391--422},
  booktitle =	 {Intelligent Scheduling},
  editor =	 {Mark Fox and Monty Zweben},
  publisher =	 {Morgan-Kaufmann},
  year =	 {1994},
  address =	 {San Francisco, CA, USA}
}
@misc{jones98survey,
  author =	 "A. Jones and J. Rabelo",
  title =	 "Survey of Job Shop Scheduling Techniques",
  text =	 "Jones, A. and Rabelo, J. C. (1998). Survey of Job
                  Shop Scheduling Techniques, NISTIR, National
                  Institute of Standards and Technology, Gaithersburg,
                  MD.",
  year =	 "1998",
}
@article{jorgenson91attractor,
  author =	 "M. B. Jorgenson and G. J. M. Aitken and E. K. Hege",
  title =	 "Evidence of a chaotic attractor in star-wander data",
  journal =	 "Optics Letters",
  year =	 1991,
  month =	 "jan",
  volume =	 "16",
  pages =	 "64--66",
 }
@inproceedings{joslin99squeaky,
  author =	 {David E. Joslin and David P. Clements},
  title =	 {Squeaky Wheel Optimization},
  booktitle =	 {AAAI '98/IAAI '98: Proceedings of the fifteenth
                  national/tenth conference on Artificial
                  intelligence/Innovative applications of artificial
                  intelligence},
  year =	 {1998},
  pages =	 {340--346},
  location =	 {Madison, Wisconsin, United States},
  publisher =	 {American Association for Artificial Intelligence},
  address =	 {Menlo Park, CA, USA},
}
@InProceedings{kennedy95particle,
  author = 	 {James Kennedy and Russell Eberhart},
  title = 	 {Particle Swarm Optimization},
  booktitle = {Proc. IEEE International Conference on Neural Networks},
  pages = 	 {1942--1948},
  year = 	 {1995}
}


@INPROCEEDINGS{kennedy97particle,
author={Kennedy, J.},
booktitle={Evolutionary Computation, 1997., IEEE International Conference on}, title={The particle swarm: social adaptation of knowledge},
year={1997},
month={apr},
pages={303 -308},
}
@ARTICLE{kirkpatrick83optimization,
  author =	 {S. Kirkpatrick and C. D. Gelatt and M. P. Vecchi},
  title =	 {Optimization by simulated annealing},
  journal =	 {Science},
  year =	 {1983},
  volume =	 {220},
  pages =	 {671--680}
}
@inproceedings{kramer03maxflex,
  author =	 "Laurence Kramer and Stephen Smith",
  title =	 "Maximizing Flexibility: A Retraction Heuristic for
                  Oversubscribed Scheduling Problems",
  booktitle =	 "Proceedings of the Eighteenth International Joint
                  Conference on Artificial Intelligence",
  month =	 "August",
  year =	 "2003",
  note =	 "prepublication copy - Copyright International Joint
                  Conference On Artificial Intelligence, Inc."
}
@inproceedings{kramer04swapping,
  author =	 "Laurence Kramer and Stephen Smith",
  title =	 "Task Swapping for Schedule Improvement: A Broader
                  Analysis",
  booktitle =	 "Proceedings 14th International Conference on
                  Automated Planning and Scheduling",
  month =	 "June",
  year =	 "2004"
}
@article{krisciunas91brightness,
  author =	 "K. Krisciunas and B. E. Schaefer",
  title =	 "A model of the brightness of moonlight",
  journal =	 "Publications of the Astronomical Society of the
                  Pacific",
  year =	 "1991",
  volume =	 "103",
  pages =	 "1033--1039",
}
@article{krisciunas97optical,
  author =	 {K. Krisciunas},
  title =	 {Optical Night-Sky Brightness at Mauna Kea over the
                  Course of a Complete Sunspot Cycle},
  journal =	 {Publications of the Astronomical Society of the
                  Pacific},
  year =	 1997,
  month =	 oct,
  volume =	 109,
  pages =	 {1181--1188}
}
@techreport{lapalma31,
  author =	 {D L King},
  title =	 {Atmospheric extinction at the Roque de Los Muchachos
                  observatory, La Palma},
  institution =	 {Isaac Newton Group},
  year =	 {1985},
  month =	 {sept},
  source =
                  {http://www.ing.iac.es/Astronomy/observing/manuals/ps/tech_notes/tn031.pdf},
  publisher =	 {Isaac Newton Group}
}
@article{lorenz63npflow,
  author =	 "E.N. Lorenz",
  title =	 "Deterministic nonperiodic flow",
  journal =	 "Journal of Atmospheric Science",
  year =	 "1963",
  volume =	 "20",
  pages =	 "130--141",
}
@Misc{lt11pipelines,
    author = 	 {ARI},
    title = 	 {Liverpool Telescope instrument pipelines},
    howpublished = {webpage}, 
    year = 2011,
    url = {http://telescope.livjm.ac.uk/Info/TelInst/Pipelines/}
}
@InProceedings{mackie04price,
  author = 	 {MacKie-Mason, Jeffrey K., Osepayshvili, Anna, Reeves, Daniel M. and Wellman, Michael P},
  title = 	 {Price Prediction Strategies for Market-Based Scheduling},
  booktitle = {18th International Conference on Automated Planning and Scheduling},
   year = 	 {2004},
   month = 	 {June}
}
@Unpublished{marchant09forecast,
  author = 	 {J.M. Marchant},
  title = 	 {Weather Forecast Analysis},
  note = 	 {Published on internal ARI web},
    year = 	 {2009}
  }
@INPROCEEDINGS{mcallester97evidence,
  author =	 {David Mcallester and Bart Selman and Henry Kautz},
  title =	 {Evidence for Invariants in Local Search},
  booktitle =	 {In Proceedings of AAAI-97},
  year =	 {1997},
  pages =	 {321--326}
}
@inproceedings{mcvey97iterative,
  author =	 {Charles B. McVey and Ella M. Atkins and Edmund
                  H. Durfee and Kang G. Shin},
  title =	 {Development of Iterative Scheduler to Planner
                  Feedback.},
  booktitle =	 {AAAI/IAAI},
  year =	 {1997},
  pages =	 {839}
}
@techreport{lapalma115,
  author =	 {Chris Benn and Sara Ellison},
  title =	 {La Palma night-sky brightness},
  institution =	 {Isaac Newton Group},
  year =	 {1998},
  month =	 {may},
  publisher =	 {Isaac Newton Group},
  note =	 {ING La Palma Technical Note 115}
}

http://www.ing.iac.es/Astronomy/observing/conditions/skybr/skybr.html

@inproceedings{mertens04cssa,
  author =	 {Koenraad Mertens and Tom Holvoet},
  title =	 {CSAA: A Distributed Ant Algorithm Framework for
                  Constraint Satisfaction.},
  booktitle =	 {FLAIRS Conference},
  year =	 {2004}
}
@article{mes07comparison,
title = "Comparison of agent-based scheduling to look-ahead heuristics for real-time transportation problems",
journal = "European Journal of Operational Research",
volume = "181",
number = "1",
pages = "59 - 75",
year = "2007",
author = "Martijn Mes and Matthieu van der Heijden and Aart van Harten"
}
@Article{minton92minconflicts,
  author =	 {Steve Minton and Mark D Johnston and Andrew B
                  Philips and Philip Laird},
  title =	 {Minimizing Conflicts: a Heuristic Repair Method for
                  Constraint Satisfaction and Scheduling Problems},
  journal =	 {Artificial Intelligence},
  year =	 {1992},
  volume =	 {58},
  pages =	 {161--205}
}
@article{miyashita95cabins,
  author =	 {Kazuo Miyashita and Katia P. Sycara},
  title =	 {{CABINS}: {A} {F}ramework of {K}nowledge
                  {A}cquisition and {I}terative {R}evision for
                  {S}chedule {I}mprovement and {R}eactive {R}epair},
  journal =	 {Artificial Intelligence},
  volume =	 {76},
  number =	 {1-2},
  pages =	 {377--426},
  year =	 {1995}
}
@InProceedings{miyashita96distributed,
  author =	 {Kazua Miyashita and Masahiro Hori},
  title =	 {A {D}istributed {A}rchitecture for {P}lanning and
                  {S}cheduling that {L}earns through {N}egotiation
                  {C}ases},
  booktitle =	 {IEEE International Conference on Emerging
                  Technologies and Factory Automation},
  year =	 1996
}
@InProceedings{mori94immune,
  author = 	 {K. Mori and M. Tsukiyama and T. Fukuda},
  title = 	 {Immune algorithm and its application to factory load dispatching planning},
  booktitle = {Japan-USA Symposium on flexible automation},
  pages = 	 {1343--1346},
  year = 	 {1994}
 }
@INPROCEEDINGS{mori98adaptive,
author={Mori, K. and Tsukiyama, M. and Fukuda, T.},
booktitle={Systems, Man, and Cybernetics, 1998. 1998 IEEE International Conference on}, title={Adaptive scheduling system inspired by immune system},
year={1998},
month=oct,
volume={4},
number={},
pages={3833 -3837 vol.4}
}
@inproceedings{morris97automatic,
  author =	 "Robert A. Morris and John L. Bresina and Stuart
                  M. Rodgers",
  title =	 "Automatic Generation of Heuristics for Scheduling",
  booktitle =	 "Proceedings of the 15th International Joint
                  Conference on Artificial Intelligence ({IJCAI}-97)",
  publisher =	 "Morgan Kaufmann",
  editor =	 "M. Pollack",
  pages =	 "1260--1266",
  year =	 "1997"
}
@ARTICLE{mottram06high,
   author = {{Mottram}, C.},
    title = "{High level interfaces to the Robonet-1.0 Homogeneous Telescope  Network}",
  journal = {Astronomische Nachrichten},
     year = 2006,
    month = sep,
   volume = 327,
    pages = {806-+}
}
@Article{munoz97nighttime,
  author =	 {{Mu{\~n}oz-Tu{\~n}{\'o}n}, C and Vernin , J and
                  Varela, A.M.},
  title =	 {Night-time image quality at Roque de los Muchachos
                  Observatory},
  journal =	 {Astronomy and Astrophysics Supplement Series},
  year =	 {1997},
  pages =	 {183-193},
  month =	 {October},
}
@article{munoz98homogeneity,
  author =	 {{Mu{\~n}oz-Tu{\~n}{\'o}n}, C. and {Varela},
                  A.~M. and {Mahoney}, T.},
  title =	 "{Homogeneity of image quality at the Roque de los
                  Muchachos Observatory}",
  journal =	 {New Astronomy Review},
  year =	 1998,
  month =	 nov,
  volume =	 42,
  pages =	 {409-416}
}



@INPROCEEDINGS{murthy97agent,
    author = {Seshahayee Murthy and Rama Akkiraju and John Rachlin and Frederick Wu},
    title = {Agent-Based Cooperative Scheduling},
    booktitle = {In Proceedings of AAAI Workshop on Constraints and Agents},
    year = {1997},
    pages = {112--117},
    publisher = {AAAI Press}
}

@techreport{muscettola92bottleneck,
  author =	 "Nicola Muscettola",
  title =	 "Scheduling by Iterative Partition of Bottleneck
                  Conflicts",
  institution =	 "Robotics Institute, Carnegie Mellon University",
  month =	 "February",
  year =	 "1992",
  number =	 "CMU-RI-TR-92-05",
  address =	 "Pittsburgh, PA"
}
@inproceedings{myers01integrating,
  author =	 "Karen Myers and Stephen Smith and David Hildum and
                  Peter Jarvis and R. de Lacaze",
  title =	 "Integrating Planning and Scheduling through
                  Intensity Adaptation",
  booktitle =	 "Proceedings of the IJCAI-01 Workshop on Planning
                  with Resources",
  month =	 "July",
  year =	 "2001"
}
@inproceedings{myers99integration,
  author =	 "Karen Myers and Stephen Smith",
  title =	 "Issues in the Integration of Planning and Scheduling
                  for Enterprise Control",
  booktitle =	 "Proceedings of the DARPA Symposium on Advances in
                  Enterprise Control",
  year =	 "1999"
}
@ARTICLE{naylor06hetero,
   author = {{Naylor}, T. and {Allan}, A. and {Steele}, I.~A.},
    title = "{Heterogenous telescope networks: An introduction}",
  journal = {Astronomische Nachrichten},
     year = 2006,
    month = sep,
   volume = 327,
    pages = {741-+}
}
@Article{parunak97ant,
  author = 	 {H. Van Dyke. Parunak},
  title = 	 {Go to the ant: Engineering Principles from Natural Multi-Agent Systems},
  journal = 	 {Annals of Operations Research},
  year = 	 {1997},
  volume = 	 {},
  number = 	 {75},
  pages = 	 {69--101}
}
@Misc{pemberton02dynamic,
  author =	 {J. C. Pemberton and L. G. Greenwald},
  title =	 {On the need for dynamic scheduling of imaging
                  satellites},
  howpublished = {Symposium on Future Intelligent Earth Observing
                  Satellites},
  year =	 {2002}
}
@TechReport{pernin08allocation,
  author = 	 {Christopher G. Pernin and Katherine Comanor and Lance Menthe and Louis R. Moore and Tim Andersen},
  title = 	 {Allocation of Forces, Fires, and Effects Using Genetic Algorithms},
  institution =  {RAND Corporation},
  year = 	 {2008}
}
@inProceedings{policella03flexible,
  title =	 {Steps toward Computing Flexible Schedules},
  author =	 {N. Policella and S. F. Smith and A. Cesta and
                  A. Oddi},
  booktitle =	 {Proceedings of Online-2003 Workshop CP 2003},
 pages = 	{39--53},
  year =	 2003
}
@PhdThesis{policella05thesis,
  author =	 {Nicola Policella},
  title =	 {Scheduling with uncertainty a proactive approach
                  using partial order schedules},
  school =	 {Universita degli studi di Roma (La Sapienza)},
  year =	 {2005},
  address =	 {Via Salaria 113, I-00198, Roma, Italy}
}
@inproceedings{popova98adaptive,
  author =	 {Elmira Popova and David Morton},
  title =	 {Adaptive stochastic manpower scheduling},
  booktitle =	 {WSC '98: Proceedings of the 30th conference on
                  Winter simulation},
  year =	 {1998},
  isbn =	 {0-7803-5134-7},
  pages =	 {661--668},
  location =	 {Washington, D.C., United States},
  publisher =	 {IEEE Computer Society Press},
  address =	 {Los Alamitos, CA, USA},
}
@Article{quinlan86induction,
  author =	 {J Ross Quinlan},
  title =	 {Induction of decision trees},
  journal =	 {Machine Learning},
  year =	 1986,
  volume =	 1,
  pages =	 {81--106}
}
@inproceedings{rabideau00generic,
  author =	 {Gregg Rabideau and Barbara Engelhardt and Steve
                  A. Chien},
  title =	 {Using Generic Preferences to Incrementally Improve
                  Plan Quality.},
  booktitle =	 {AIPS},
  year =	 {2000},
  pages =	 {236-245}
}
@misc{rabideau99iterative,
  author =	 "G. Rabideau and R. Knight and S. Chien and
                  A. Fukunaga and A. Govindjee",
  title =	 "Iterative Repair Planning for Spacecraft Operations
                  in the ASPEN System",
  text =	 "G. Rabideau, R. Knight, S. Chien, A. Fukunaga,
                  A. Govindjee, Iterative Repair Planning for
                  Spacecraft Operations in the ASPEN System,
                  International Symposium on Artificial Intelligence
                  Robotics and Automation in Space, Noordwijk, The
                  Netherlands, June 1999.",
  year =	 "1999"
}
@article{racine96temporal,
  author =	 {R. Racine},
  title =	 "{Temporal Fluctuations of Atmospheric Seeing}",
  journal =	 {Publications of the Astronomical Society of the
                  Pacific},
  year =	 1996,
  month =	 apr,
  volume =	 108,
  pages =	 {372-+}
}
@inproceedings{riedmiller99neural,
  author =	 "Simone C. Riedmiller and Martin A. Riedmiller",
  title =	 "A Neural Reinforcement Learning Approach to Learn
                  Local Dispatching Policies in Production Scheduling",
  booktitle =	 "{IJCAI}",
  pages =	 "764-771",
  year =	 "1999"
}
@book{russel03artificial,
  author =	 {Stuart J. Russell and Peter Norvig},
  title =	 {Artificial Intelligence: A Modern Approach},
  year =	 {2003},
  isbn =	 {0137903952},
  publisher =	 {Pearson Education},
}
@techreport{sadeh91lookahead,
  author =	 "Norman Sadeh",
  title =	 "Look Ahead Techniques for Micro-Opportunistic Job
                  Shop Scheduling",
  institution =	 "Computer Science Department, Carnegie Mellon
                  University",
  month =	 "March",
  year =	 "1991",
  number =	 "CMU-CS-91-102",
  address =	 "Pittsburgh, PA"
}
@techreport{sadeh94backtracking,
  author =	 "Norman Sadeh and Katia Sycara and Yalin Xiong",
  title =	 "Backtracking Techniques for the Job Shop Scheduling
                  Constraint Satisfaction Problem",
  institution =	 "Robotics Institute, Carnegie Mellon University",
  month =	 "October",
  year =	 "1994",
  number =	 "CMU-RI-TR-94-31",
  address =	 "Pittsburgh, PA"
}
@incollection{sandholm99distributed,
  author =	 "Tuomas W. Sandholm",
  title =	 "Distributed Rational Decision Making",
  booktitle =	 "Multiagent Systems: A Modern Approach to Distributed
                  Artificial Intelligence",
  publisher =	 "The MIT Press",
  address =	 "Cambridge, MA, USA",
  editor =	 "Gerhard Weiss",
  pages =	 "201--258",
  year =	 "1999"
}
@article{sanmarti96combined,
title = "A combined scheduling/reactive scheduling strategy to minimize the effect of process operations uncertainty in batch plants",
journal = "Computers and Chemical Engineering",
volume = "20",
number = "2",
pages = "1263 -- 1268",
year = "1996",
author = "E. Sanmartí and A. Huercio and A. Espuña and L. Puigjaner"
}
@Article{sarazin90eso,
  author = 	 {M. Sarazin and F. Roddier},
  title = 	 {The {ESO} differential image motion monitor},
  journal = 	 {Astronomy and Astrphysics},
  year = 	 {1990},
  volume = 	 {227},
  pages = 	 {294--300}
}
@inproceedings{sarazin97automated,
  author =	 {M. S. Sarazin},
  title =	 "{Automated seeing monitoring for queue-scheduled
                  astronomical observations [3125-40]}",
  booktitle =	 {Proc. SPIE Vol. 3125, Progagation and Imaging
                  Through the Atmosphere, Luc R. Bossonnette and
                  Christopher Dainty, Eds., p.366},
  year =	 1997,
  pages =	 {366-+}
}
@ARTICLE{saunders06optimal,
   author = {{Saunders}, E.~S. and {Naylor}, T. and {Allan}, A.},
    title = "{Optimal placement of a limited number of observations for period searches}",
  journal = {Astronomy and Astrophysics},
     year = 2006,
    month = aug,
   volume = 455,
    pages = {757-763}
}
@ARTICLE{saunders08autonomous,
   author = {{Saunders}, E.~S. and {Naylor}, T. and {Allan}, A.},
    title = "{An autonomous adaptive scheduling agent for period searching}",
  journal = {Astronomische Nachrichten},
     year = 2008,
    month = mar,
   volume = 329,
    pages = {321-+}
}
@inproceedings{schneider98stochastic,
  author =	 "Jeff Schneider and Justin Boyan and Andrew Moore",
  title =	 "Stochastic production scheduling to meet demand
                  forecasts",
  booktitle =	 "Proceedings of the 37th IEEE Conference on Decision
                  and Control",
  month =	 "December",
  year =	 "1998",
  volume =	 "3",
  pages =	 "2722--2727"
}
@inproceedings{schneider98value,
  Year =	 {1998},
  Pages =	 {522-530},
  Publisher =	 {Morgan Kaufmann, San Francisco, CA},
  Booktitle =	 {Proceedings of the 15th International Conference on
                  Machine Learning},
  Editor =	 {Jude Shavlik},
  Author =	 {Jeff Schneider and Justin Boyan and Andrew Moore},
  Title =	 {Value Function Based Production Scheduling}
}
@techreport{shaw90intelligent,
  author =	 "Michael J Shaw and Sang Chan Park and Narayan Raman",
  title =	 "Intelligent Scheduling with Machine Learning
                  Capabilities: The Induction of Scheduling Knowledge",
  institution =	 "Robotics Institute, Carnegie Mellon University",
  month =	 "nov",
  year =	 "1990",
  number =	 "CMU-RI-TR-90-25",
  address =	 "Pittsburgh, PA"
}
@InCollection{silva04multiobjective,
  author =	 {J. D. Landa Silva and E. K. Burke and S. Petrovic},
  title =	 {An Introduction to Multiobjective Metaheuristics for
                  Scheduling and Timetabling},
  booktitle =	 {Metaheuristic for Multiobjective Optimisation},
  pages =	 {91--129},
  publisher =	 {Springer},
  year =	 {2004},
  editor =	 {X. Gandibleux and M. Sevaux and K. Sorensen and
                  V. T'kindt},
  volume =	 {535},
  series =	 {Lecture Notes in Economics and Mathematical Systems},
}
@article{smith04continuous,
  author =	 "Stephen Smith and Marcel Becker and Laurence Kramer",
  title =	 "Continuous Management of Airlift and Tanker
                  Resources: A Constraint-Based Approach",
  journal =	 "Mathematical and Computer Modeling -- Special Issue
                  on Defense Transportation: Algorithms, Models and
                  Applications for the 21st Centry",
  year =	 "2004",
  volume =	 "39",
  number =	 "6-8",
  pages =	 "581-598"
}
@INPROCEEDINGS{smith10switching,
  author =	 {{Smith}, R.~J. and {Clay}, N.~R. and {Fraser},
                  S.~N. and {Marchant}, J.~M. and {Moss}, C.~M. and
                  {Steele}, I.~A.},
  title =	 "{Switching the Liverpool Telescope from a
                  full-service operating model to self-service}",
  booktitle =	 {Society of Photo-Optical Instrumentation Engineers
                  (SPIE) Conference Series},
  year =	 2010,
  series =	 {Society of Photo-Optical Instrumentation Engineers
                  (SPIE) Conference Series},
  volume =	 7737,
  month =	 july
  }
@inproceedings{smith93slack,
   author = "Stephen Smith and C. Cheng",
   title = "Slack-Based Heuristics for Constraint Satisfaction Scheduling",
   booktitle = "Proceedings 11th National Conference on Artificial Intelligence",
   month = "July",
   year = "1993"
}
@InProceedings{smith94toward,
  author = 	 {Stephen F. Smith and Ora Lassila},
  title = 	 {Toward the Development of Flexible Mixed-Initiative Scheduling Tools},
  booktitle = {ARPA-Rome Laboratory Planning Initiative Workshop},
    year = 	 {1994}
}
@incollection{smith95reactive,
  author =	 "Stephen Smith",
  editor =	 "D.E. Brown and W.T. Scherer",
  title =	 "Reactive Scheduling Systems",
  booktitle =	 "Intelligent Scheduling Systems",
  publisher =	 "Kluwer Press",
  year =	 "1995"
}
@incollection{smith96mixed,
  author =	 "Stephen Smith and O. Lassila and Marcel Becker",
  editor =	 "A. Tate",
  title =	 "Configurable, Mixed-Initiative Systems for Planning
                  and Scheduling",
  booktitle =	 "Advanced Planning Technology",
  publisher =	 "AAAI Press",
  month =	 "May",
  year =	 "1996",
  note =	 "ISBN 0-929280-98-9"
}
@InProceedings{sozou98hyperbolic,
  author = 	 {P.D. Sozou},
  title = 	 {On hyperbolic discounting and uncertain hazard rates},
  booktitle = {Proceedings of the Royal Society B Biological Sciences},
  pages = 	 {2015--2020},
  year = 	 {1998},
  volume = 	 {265},
  number = 	 {1409}
}
@ARTICLE{steele04liverpool,
   author = {{Steele}, I.~A.},
    title = "{The Liverpool telescope}",
  journal = {Astronomische Nachrichten},
     year = 2004,
    month = oct,
   volume = 325,
    pages = {519-521}
}
@ARTICLE{steele04lt,
  author =	 {{Steele}, I.~A.},
  title =	 "{The Liverpool telescope}",
  journal =	 {Astronomische Nachrichten},
  keywords =	 {robotic telescopes, astronomical software},
  year =	 2004,
  month =	 oct,
  volume =	 325,
  pages =	 {519-521}
}
@InProceedings{steele97control,
  author =	 {Iain A Steele and David Carter},
  title =	 {Control Software and Scheduling of the Liverpool
                  Robotic Telescope},
  booktitle =	 {Proceedings of SPIE},
  pages =	 {222--233},
  year =	 {1997},
  editor =	 {Hilton Lewis},
  volume =	 {3112},
  series =	 {Telescope Control Systems II},
  month =	 {sep}
}
@InProceedings{sycara96case,
  author =	 {Katia Sycara and Dajun Zheng and Kazuo Miyashita},
  title =	 {Using Case-Based Reasoning to Acquire User
                  Scheduling Preferences that Change over Time},
  booktitle =	 {Proc. of the Eleventh IEEE Conference on Artificial
                  Intelligence for Application},
  year =	 1995,
  organization = {IEEE}
}
@techreport{taillard98adaptive,
  author =	 {E. D. Taillard and L. Gambardella and M. Gendreau
                  and J. Potvin},
  title =	 {Adaptive Memory Programming: A Unified View of
                  Meta-Heuristics},
  year =	 {1998},
  institution =	 {Istituto Dalle Molle Di Studi Sull Intelligenza
                  Artificiale}
}
@incollection{timmis04overview,
author = {J Timmis and T Knight and L N De Castro and E Hart},
title = {An Overview of Artificial Immune Systems},
month = {November},
year = {2004},
pages = {51-86},
    publication_type = {incollection},
    submission_id = {25255_1099299951},
    ISBN = {3540003584},
    booktitle = {"Computation in Cells and Tissues: Perspectives and Tools for Thought"},
    publisher = {Springer},
    editor = {R Paton and H Bolouri and M Holcombe and J H Parish and R Tateson},
    series = {Natural Computation Series},
}
@ARTICLE{trinquet06model,
   author = {{Trinquet}, H. and {Vernin}, J.},
    title = "{A Model to Forecast Seeing and Estimate C^{2}_{N} Profiles from Meteorological Data}",
  journal = {\pasp},
      year = 2006,
    month = may,
   volume = 118,
    pages = {756-764},
}
@ARTICLE{tsapras09robonet,
  author =	 {{Tsapras}, Y. and {Street}, R. and {Horne}, K. and
                  {Snodgrass}, C. and {Dominik}, M. and {Allan},
                  A. and {Steele}, I. and {Bramich}, D.~M. and
                  {Saunders}, E.~S. and {Rattenbury}, N. and
                  {Mottram}, C. and {Fraser}, S. and {Clay}, N. and
                  {Burgdorf}, M. and {Bode}, M. and {Lister},
                  T.~A. and {Hawkins}, E. and {Beaulieu}, J.~P. and
                  {Fouqu{\'e}}, P. and {Albrow}, M. and {Menzies},
                  J. and {Cassan}, A. and {Dominis-Prester}, D.},
  title =	 "{RoboNet-II: Follow-up observations of microlensing
                  events with a robotic network of telescopes}",
  journal =	 {Astronomische Nachrichten},
  keywords =	 {planetary systems, techniques: photometric,
                  telescopes},
  year =	 2009,
  month =	 jan,
  volume =	 330
  }
@INPROCEEDINGS{varela07sat,
  author =	 {{Varela}, A.~M. and {Bertolin}, C. and
                  {Mu{\~n}oz-Tu{\~n}{\'o}n}, C. and {Fuensalida},
                  J.~J. and {Ortolani}, S.},
  title =	 "{In situ calibration using satellite data results}",
  keywords =	 {Site Testing, Atmospheric Effects},
  booktitle =	 {Revista Mexicana de Astronomia y Astrofisica
                  Conference Series},
  year =	 2007,
  series =	 {Revista Mexicana de Astronomia y Astrofisica,
                  vol. 27},
  volume =	 31,
  month =	 oct,
  pages =	 {106-112}
  }
@Article{vernin92optical,
  author =	 {J. Vernin and C. Munoz-Tunon},
  title =	 {Optical Seeing at La Palma Observatory},
  journal =	 {Astronomy and Astrophysics},
  year =	 {1992},
  volume =	 {257},
  pages =	 {811-816}
}
@article{vernin98temporal,
  author =	 {{Vernin}, J. and {Mu{\~n}oz-Tu{\~n}{\'o}n}, C.},
  title =	 "{The temporal behaviour of seeing}",
  journal =	 {New Astronomy Review},
  year =	 1998,
  month =	 nov,
  volume =	 42,
  pages =	 {451-454},
  adsurl =	 {http://cdsads.u-strasbg.fr/abs/1998NewAR..42..451V},
  adsnote =	 {Provided by the SAO/NASA Astrophysics Data System}
}

@book{vonneumann44games,
  author =	 "J. von Neumann and O. Morgenstern",
  title =	 "The Theory of Games and Economic Behavior",
  publisher =	 "Princeton University Press",
  year =	 "1953"
}

@inproceedings{wellman03bidding,
  author =	 {Michael P. Wellman and Jeffrey K. MacKie-Mason and
                  Daniel M. Reeves and Sowmya Swaminathan},
  title =	 {Exploring bidding strategies for market-based
                  scheduling},
  booktitle =	 {EC '03: Proceedings of the 4th ACM conference on
                  Electronic commerce},
  year =	 {2003},
  isbn =	 {1-58113-679-X},
  pages =	 {115--124},
  location =	 {San Diego, CA, USA},
   publisher =	 {ACM Press},
  address =	 {New York, NY, USA},
}


@Misc{xxx,
  author =	 {A.N.Other},
  title =	 {A Study of This and That},
  howpublished = {Not published at all},
  month =	 {jan},
  year =	 {1999},
}


@incollection{yokoo99search,
  author =	 "Makuto Yokoo and Toru Ishida",
  title =	 "Sesrch Algorithms for Agents",
  booktitle =	 "Multiagent Systems: A Modern Approach to Distributed
                  Artificial Intelligence",
  publisher =	 "The MIT Press",
  address =	 "Cambridge, MA, USA",
  editor =	 "Gerhard Weiss",
  pages =	 "166--199",
  year =	 "1999"
}
@inproceedings{zhang95reinforcement,
  author =	 "W. Zhang and T. G. Dietterich",
  title =	 "A reinforcement learning approach to Job-shop
                  Scheduling",
  booktitle =	 "Proceedings of the International Joint Conference on
                  Artificial Intellience",
  year =	 "1995"
}
@incollection{zweben94scheduling,
  author =	 {Monty Zweben and Brian Daun and Eugene Davis and
                  Michael Deale},
  pages =	 {241--255},
  title =	 {Scheduling and rescheduling with iterative repair},
  booktitle =	 {Intelligent Scheduling},
  editor =	 {Mark Fox and Monty Zweben},
  isbn =	 {1-55860-260-7},
  publisher =	 {Morgan-Kaufmann},
  year =	 {1994},
  address =	 {San Francisco, CA, USA}
}

