@inproceedings{schneider98stochastic,
   author = "Jeff Schneider and Justin Boyan and Andrew Moore",
   title = "Stochastic production scheduling to meet demand forecasts",
   booktitle = "Proceedings of the 37th IEEE Conference on Decision and Control",
   month = "December",
   year = "1998",
   volume = "3",
   pages = "2722--2727"
}

%% Do we need this one as well as above?
@inproceedings{schneider98value,
    Year = {1998},
    Pages = {522-530},
    Publisher = {Morgan Kaufmann, San Francisco, CA},
    Booktitle = {Proceedings of the 15th International Conference on Machine Learning},
    Editor = {Jude Shavlik},
    Author = {Jeff Schneider and Justin Boyan and Andrew Moore},
    Title = {Value Function Based Production Scheduling}
}

@inproceedings{zhang95reinforcement,
    author = "W. Zhang and T. G. Dietterich",
    title = "A reinforcement learning approach to Job-shop Scheduling",
    booktitle = "Proceedings of the International Joint Conference on Artificial Intellience",
    year = "1995",
    url = "citeseer.ist.psu.edu/zhang95reinforcement.html" 
}

@inproceedings{riedmiller99neural,
    author = "Simone C. Riedmiller and Martin A. Riedmiller",
    title = "A Neural Reinforcement Learning Approach to Learn Local Dispatching Policies in Production Scheduling",
    booktitle = "{IJCAI}",
    pages = "764-771",
    year = "1999",
    url = "citeseer.ist.psu.edu/riedmiller99neural.html" }

@inproceedings{ bonabeau97adaptive,
    author = "Eric Bonabeau and Andrej Sobkowski and Guy Theraulaz and Jean-Luis Deneubourg",
    title = "Adaptive Task Allocation Inspired by a Model of Division of Labor in Social Insects",
    booktitle = "Biocomputing and Emergent Computation",
    publisher = "World Scientific",
    editor = "Dan Lundh and Bjorn Olsson and Ajit Narayanan",
    pages = "36--45",
    year = "1997",
    url = "citeseer.ist.psu.edu/bonabeau98adaptive.html" }

